@article{Pap2,
  author =       "Wanrong, Zheng",
  Author+an = {1=highlight},
  title =        "Patent: A Railway Face Recognition Solution Based on History Passengers' Riding Pattern",
  year =         "2021"
}

@article{Pap3,
  author =       "Wanrong, Zheng",
  Author+an = {1=highlight},
  title =        "Patent: A Identification method Based on History Passenger Flow Big Data",
  year =         "2020",
  % note =         "Decrease \textbf{20\%} bad cases of real data"
}

@article{Pap4,
  author =       "Zhe, Sun and Wanrong, Zheng",
  Author+an = {2=highlight},
  title =        "Patent: Passenger Illegal Handing Bags Across Railing Detection in Real Railway Scene",
  year =         "2020"}