@article{Pap1,
  author =       {{\textbf{Wanrong Zheng}, Haidong Zhu, Zhaoheng Zheng, and Ram Nevatia}},
  title =        "\textbf{GaitRef: Gait Recognition with Refined Sequential Skeletons}",
  journal =      "Under review",
  year = "2023",
  }
  
@article{Pap2,
  author =       {{Haidong Zhu, \textbf{Wanrong Zheng}, Zhaoheng Zheng, and Ram Nevatia}},
  title =        "\textbf{CAT-NeRF: Constancy-Aware Tx$^2$Former for Dynamic Body Modeling}",
  journal =      "Under review",
  year = "2023",
  }
  
@article{Pap3,
  author =       {{Yunhao Ge, \textbf{Wanrong Zheng}*, Xingrui Wang*, Di Wu*, Yao Xiao, Xu Zhi, and Laurent Itti}},
  Author+an = {3=highlight},
  title =        "\textbf{Towards Generic Interface to Human-Neural Network Knowledge Exchange}",
  journal =      "Under review",
  year = "2023",
}

@article{Pap4,
  author =       {{Xiaoke Jiang, Yu Qiao, Junjie Yan, Qichen Li, \textbf{Wanrong Zheng}, and Dapeng Chen}},
  Author+an = {5=highlight},
  title =        "\textbf{SSN3D: Self-Separated Network to Align Parts for 3D Convolution in Video Person Re-Identification}",
  journal =      "Proceedings of the AAAI Conference on Artificial Intelligence (AAAI'21)",
  note        = {\href{https://ojs.aaai.org/index.php/AAAI/article/view/16262}{[paper]}}
  }
